@online{microbenchmarking, 
    author = {Verhas, Peter},
    title = {Microbenchmarking Comes to Java 9},
    note = {URL: {https://dzone.com/articles/microbenchmarking-comes-to-java-9}}
}

@online{parallel_considerations,
    author = {Krecan, Lukas},
    title = {Think Twice Before Using Java 8 Parallel Streams},
    note = {URL: {https://dzone.com/articles/think-twice-using-java-8}}
}